

@article{E34,
title = "{J-PARC} $g-2$/{EDM} experiment",
url = "http://g-2.kek.jp"
}

@article{h-line,
title = "H Line; {A} Beamline for Fundamental Physics in {J-PARC}",
journal = "JPS Conf.Proc.",
volume = "2",
pages = "010112",
year = "2014",
author = "N.Kawamura and et.al."
}

@article{IH,
title = "Interdigital {H-mode} drift-tube linac design with alternative phase focusing for muon linac",
journal = "Phys.Rev.Accel.Beams",
volume = "19",
pages = "040101",
year = "2016",
author = "M.Otani and et.al"
}

@article{injection,
title = "Three-dimentional spiral injection scheme for the g-2/{EDM} experiment at {J-PARC}",
journal = "Nucl.Instr. and Meth. A",
volume = "832",
pages = "51-62",
year = "2016",
author = "H.linuma and et.al"
}

@article{muonium,
title = "Enhancement of muonium emission rate from silica aerogel with a laser-ablated surface",
journal = "Prog. Theor. Exp. Phys.",
pages = "091C01",
year = "2014",
author = "G.A.Beer and et.al"
}

@article{MCP_efficiency,
 title = "Absolute detection efficiencies of a microchannel plate detector for ions",
 journal = "meas. Sci. Technol.",
 volume = "6",
 pages = "953-958",
 year = "1995",
 author = "B.Brehm and J. Grosser and T. Ruscheinski and M.Zimmer"
}

@article{MCP_efficiency1,
title = "Absolute detection efficiency of a microchannel plate detector for kilo-electron volt energy ions",
journal = "Rev. of Sci. Instrum.",
volume = "70",
pages = "4238",
year = "1999",
author = "H.C.Straub and M.A.Mangan and B.G.Lindsay and K.A.Smith and R.F.Stebbings"
}

@article{geant4,
 title = "Geant4-a simulation toolkit",
 journal = "Nucl. Instr. and Meth. A",
 volume = "506",
 pages = "250-303",
 year = "2003",
 author = "S.Agostinelli and et. al."
}


@article{muon_bpm1,
title = "Online full two-dimensional imaging of pulsedmuon beams at {J-PARC} {MUSE} using a gated image intensifier",
journal = "Nucl. Instr. and Meth. A",
volume = "754",
pages = "1-9",
year = "2014",
author = "T.U.Ito and A.Toyoda and W.Higemoto and M.Tajima and Y.Matsuda and K.Shimomura"
}

@article{muon_bpm2,
title = "The first observation of slow muon beam at the {RIKEN-RAL} muon facility",
journal = "Physica B",
volume = " 326",
pages = "217-221",
year = "2003",
author = "Y.Matsuda and et. al."
}


@article{neutron,
title = "Detection efficiency, spatial and timing resolution of thermal and cold neutron counting {MCP} detectors",
journal = "Nucl.instr. and Meth. A",
volume = "604",
pages = "140-143",
year = "2009",
author = "A.S.Tremsin and et. al."}

@article{Ps,
title = "Profiles of a positronium beam produced using the photodetachment of positronium negative ions",
journal = "Nuclear.instr. and Meth. A",
volume = "785",
pages = "5-8",
year = "2015",
author = "K.Michishio and et. al."}

@article{Gosha,
title = "The low energy muon beam profile monitor for the muon {g-2/EDM} experiment at {J-PARC}",
journal = "Journal of Instrumentation",
volume = "12",
pages = "C09001-C09001",
year = "2017",
author = "G.P.Razuvaev and S.Bea and H.Choi and S.Choi and H.S.Ko and B.Kim and R.Kitamura and T.Mibe and M.Otani",
doi = "10.1088/1748-0221/12/09/c09001",
url = "https://doi.org/10.1088/1748-0221/12/09/c09001",
month = "sep",
publisher = "{IOP} Publishing",
number = "09"
}

@article{D-line,
title = "{J-PARC} decay muon channel construction status",
journal = "Journal of Physics: Conference Series",
volume = "225",
page = "p.012050",
year = "2010",
author = "P.Strasser and et. al."}

@article{D-line1,
title = "{J-PARC} {Muon} {Facility}, {MUSE}",
journal = "Physics Procedia",
volume = "30",
page = "46-49",
year = "2012",
author = "Y.Miyake and et. al."}

